<?xml version="1.0" encoding="UTF-8"?><record xmlns="http://www.loc.gov/MARC21/slim" xmlns:cinclude="http://apache.org/cocoon/include/1.0" xmlns:zs="http://www.loc.gov/zing/srw/">
  <leader>00436nz  a2200133n  4500</leader>
  <controlfield tag="001">no2005073211</controlfield>
  <controlfield tag="003">DLC</controlfield>
  <controlfield tag="005">20050810052020.0</controlfield>
  <controlfield tag="008">050726n| acannaabn          |n aaa     c</controlfield>
  <datafield tag="010" ind1=" " ind2=" ">
    <subfield code="a">no2005073211</subfield>
  </datafield>
  <datafield tag="035" ind1=" " ind2=" ">
    <subfield code="a">(OCoLC)oca06702448</subfield>
  </datafield>
  <datafield tag="040" ind1=" " ind2=" ">
    <subfield code="a">NjP</subfield>
    <subfield code="b">eng</subfield>
    <subfield code="c">NjP</subfield>
  </datafield>
  <datafield tag="100" ind1="1" ind2=" ">
    <subfield code="a">Baruffaldi, Amerigo,</subfield>
    <subfield code="d">1938-</subfield>
  </datafield>
  <datafield tag="670" ind1=" " ind2=" ">
    <subfield code="a">Il Comune di Vigarano Mainarda dal 1902 al 1922, 2002:</subfield>
    <subfield code="b">t.p. (Amerigo Baruffaldi) cover flap (b. Aug. 18, 1938 in Vigarano Mainarda)</subfield>
  </datafield>
</record>